<?xml version="1.0" encoding="UTF-8"?><collection xmlns="http://www.loc.gov/MARC21/slim"><record><leader>00542nam--2200193-i-4500</leader><controlfield tag="001">000030945</controlfield><controlfield tag="002">20161230</controlfield><controlfield tag="005">20161230201038</controlfield><controlfield tag="008">060222s1000------------r-----000-0-eng-d</controlfield><datafield ind1=" " ind2=" " tag="040"><subfield code="a">IFIN-HH</subfield></datafield><datafield ind1=" " ind2=" " tag="080"><subfield code="a">801.323.2=590=30</subfield></datafield><datafield ind1=" " ind2="1" tag="100"><subfield code="a">Livescu, Jean</subfield></datafield><datafield ind1="1" ind2="0" tag="245"><subfield code="a">Dictionar roman-german</subfield><subfield code="c">Jean livescu, emilia savin</subfield></datafield><datafield ind1=" " ind2=" " tag="250"><subfield code="a">Editia A Iii-a Revizuita Si Adaugita</subfield></datafield><datafield ind1=" " ind2=" " tag="260"><subfield code="a">Bucuresti</subfield><subfield code="b">Editura Stiintifica Si Enciclopedica</subfield><subfield code="c">1982</subfield></datafield><datafield ind1=" " ind2=" " tag="300"><subfield code="a">511P</subfield></datafield><datafield ind1="1" ind2=" " tag="700"><subfield code="a">Savin, Emilia</subfield></datafield><datafield ind1=" " ind2=" " tag="852"><subfield code="a">D.576</subfield><subfield code="c">SLF</subfield></datafield><datafield ind1=" " ind2=" " tag="CAT"><subfield code="a">Sys</subfield><subfield code="c">20130214</subfield><subfield code="h">180015</subfield></datafield></record></collection>